@article{hinton2012improving,
  title={Improving neural networks by preventing co-adaptation of feature detectors},
  author={Hinton, Geoffrey E and Srivastava, Nitish and Krizhevsky, Alex and Sutskever, Ilya and Salakhutdinov, Ruslan R},
  journal={arXiv preprint arXiv:1207.0580},
  year={2012}
}

@misc{chollet2015keras,
  title={Keras},
  author={Chollet, Fran\c{c}ois},
  year={2015},
  publisher={GitHub},
  howpublished={\url{https://github.com/fchollet/keras}},
}

@article{lecun-mnisthandwrittendigit-2010,
  added-at = {2010-06-28T21:16:30.000+0200},
  author = {LeCun, Yann and Cortes, Corinna},
  biburl = {http://www.bibsonomy.org/bibtex/2935bad99fa1f65e03c25b315aa3c1032/mhwombat},
  groups = {public},
  howpublished = {http://yann.lecun.com/exdb/mnist/},
  interhash = {21b9d0558bd66279df9452562df6e6f3},
  intrahash = {935bad99fa1f65e03c25b315aa3c1032},
  keywords = {MSc _checked character_recognition mnist network neural},
  lastchecked = {2016-01-14 14:24:11},
  timestamp = {2016-07-12T19:25:30.000+0200},
  title = {{MNIST} handwritten digit database},
  url = {http://yann.lecun.com/exdb/mnist/},
  username = {mhwombat},
  year = 2010
}

@ARTICLE{2015arXiv151105641C,
   author = {{Chen}, T. and {Goodfellow}, I. and {Shlens}, J.},
    title = "{Net2Net: Accelerating Learning via Knowledge Transfer}",
  journal = {ArXiv e-prints},
archivePrefix = "arXiv",
   eprint = {1511.05641},
 primaryClass = "cs.LG",
 keywords = {Computer Science - Learning},
     year = 2015,
    month = nov,
   adsurl = {http://adsabs.harvard.edu/abs/2015arXiv151105641C},
  adsnote = {Provided by the SAO/NASA Astrophysics Data System}
}

@inproceedings{sermanet2012convolutional,
  title={Convolutional neural networks applied to house numbers digit classification},
  author={Sermanet, Pierre and Chintala, Soumith and LeCun, Yann},
  booktitle={Pattern Recognition (ICPR), 2012 21st International Conference on},
  pages={3288--3291},
  year={2012},
  organization={IEEE}
}

@incollection{cirecsan2012deep,
  title={Deep big multilayer perceptrons for digit recognition},
  author={Cire{\c{s}}an, Dan Claudiu and Meier, Ueli and Gambardella, Luca Maria and Schmidhuber, J{\"u}rgen},
  booktitle={Neural Networks: Tricks of the Trade},
  pages={581--598},
  year={2012},
  publisher={Springer}
}

@article{abadi2015tensorflow,
  title={TensorFlow: Large-scale machine learning on heterogeneous systems, 2015},
  author={Abadi, Mart{\i}n and Agarwal, Ashish and Barham, Paul and Brevdo, Eugene and Chen, Zhifeng and Citro, Craig and Corrado, Greg S and Davis, Andy and Dean, Jeffrey and Devin, Matthieu and others},
  journal={Software available from tensorflow. org},
  volume={1},
  year={2015}
}

@inproceedings{bergstra2011theano,
  title={Theano: Deep learning on gpus with python},
  author={Bergstra, James and Bastien, Fr{\'e}d{\'e}ric and Breuleux, Olivier and Lamblin, Pascal and Pascanu, Razvan and Delalleau, Olivier and Desjardins, Guillaume and Warde-Farley, David and Goodfellow, Ian and Bergeron, Arnaud and others},
  booktitle={NIPS 2011, BigLearning Workshop, Granada, Spain},
  year={2011},
  organization={Citeseer}
}

@inproceedings{van2007python,
  title={Python Programming Language.},
  author={Van Rossum, Guido and others},
  booktitle={USENIX Annual Technical Conference},
  volume={41},
  year={2007}
}


@inproceedings{chainer_learningsys2015,
  author       = "Tokui, Seiya and Oono, Kenta and Hido, Shohei and Clayton, Justin",
  title        = "Chainer: a Next-Generation Open Source Framework for Deep Learning",
  booktitle    = "Proceedings of Workshop on Machine Learning Systems (LearningSys) in The Twenty-ninth Annual Conference on Neural Information Processing Systems (NIPS)",
  year         = "2015",
  url          = "http://learningsys.org/papers/LearningSys_2015_paper_33.pdf"
}

@book{bowen2008introduction,
  title={Introduction to vectors and tensors},
  author={Bowen, Ray M and Wang, Chao-Cheng},
  volume={2},
  year={2008},
  publisher={Courier Corporation}
}

@techreport{kolecki2002introduction,
  title={An introduction to tensors for students of physics and engineering},
  author={Kolecki, Joseph C},
  institution={NASA Center for Aerospace Information},
  number={NASA/TMâ€”2002-211716},
  year={2002}
}

@techreport{techreport,
  author       = {Peter Lambert}, 
  title        = {The title of the work},
  institution  = {The institution that published},
  year         = 1993,
  number       = 2,
  address      = {The address of the publisher},
  month        = 7,
  note         = {An optional note}
}


